@misc{ mccoy2008,
	author = "Damon McCoy and Kevin Bauer and Dirk Grunwald and Tadayoshi Kohno and Douglas Sicker",
	title = "Shining Light in Dark Places: Understanding the Tor Network",
	year = "2008"
}

@misc{ ren2009,
	author = "Jian Ren and Jie Wu",
	title = "Survey on anonymous communications in computer networks",
	year = "2009"
}

@misc{ tor2004,
	author = "Roger Dingledine and Nick Mathewson and Paul Syverson",
	title = "Tor: The Second-Generation Onion Router",
	year = "2004"
}

@misc{ shakila2014,
	author = "S.Shakila and Dr. Gopinath Ganapathy",
	title = "Privacy for Interactive Web Browsing: A Study on Anonymous Communication Protocols",
	year = "2014"
}

@misc{ reed1998,
	author = "Michael G. Reed and Paul F. Syverson and David M. Goldschlag",
	title = "Anonymous Connections and Onion Routing",
	year = "1998"
}

@misc{ panchenko2011,
	author = "Andriy Panchenko and Lukas Niessen and Andreas Zinnen and Thomas Engel",
	title = "Website Fingerprinting in Onion Routing Based Anonymization Networks",
	year = "2011"
}

@misc{ pries2007,
	author = "Ryan Pries and Wei Yu and Xinwen Fu and Wei Zhao",
	title = "A New Replay Attack Against Anonymous Communication Networks",
	year = "2007"
}
